@article{herrnstein1961relative,
  title={Relative and absolute strength of response as a function of frequency of reinforcement 1, 2},
  author={Herrnstein, Richard J},
  journal={Journal of the experimental analysis of behavior},
  volume={4},
  number={3},
  pages={267--272},
  year={1961},
  publisher={Wiley Online Library}
}

@article{charnov1976optimal,
  title={Optimal foraging, the marginal value theorem},
  author={Charnov, Eric L},
  journal={Theoretical Population Biology},
  volume={9},
  number={2},
  pages={129--136},
  year={1976},
  publisher={Elsevier}
}

@article{sugrue2004matching,
  title={Matching behavior and the representation of value in the parietal cortex},
  author={Sugrue, Leo P and Corrado, Greg S and Newsome, William T},
  journal={science},
  volume={304},
  number={5678},
  pages={1782--1787},
  year={2004},
  publisher={American Association for the Advancement of Science}
}

@article{lau2005dynamic,
  title={Dynamic response-by-response models of matching behavior in rhesus monkeys},
  author={Lau, Brian and Glimcher, Paul W},
  journal={Journal of the experimental analysis of behavior},
  volume={84},
  number={3},
  pages={555--579},
  year={2005},
  publisher={Wiley Online Library}
}

@book{bishop2006pattern,
  title={Pattern recognition and machine learning},
  author={Bishop, Christopher M},
  year={2006},
  publisher={springer}
}

@article{kepecs2008neural,
  title={Neural correlates, computation and behavioural impact of decision confidence},
  author={Kepecs, Adam and Uchida, Naoshige and Zariwala, Hatim A and Mainen, Zachary F},
  journal={Nature},
  volume={455},
  number={7210},
  pages={227},
  year={2008},
  publisher={Nature Publishing Group}
}

@article{lak2014orbitofrontal,
  title={Orbitofrontal cortex is required for optimal waiting based on decision confidence},
  author={Lak, Armin and Costa, Gil M and Romberg, Erin and Koulakov, Alexei A and Mainen, Zachary F and Kepecs, Adam},
  journal={Neuron},
  volume={84},
  number={1},
  pages={190--201},
  year={2014},
  publisher={Elsevier}
}

@article{constantino2015learning,
  title={Learning the opportunity cost of time in a patch-foraging task},
  author={Constantino, Sara M and Daw, Nathaniel D},
  journal={Cognitive, Affective, \& Behavioral Neuroscience},
  volume={15},
  number={4},
  pages={837--853},
  year={2015},
  publisher={Springer}
}

@article{starkweather2017dopamine,
  title={Dopamine reward prediction errors reflect hidden-state inference across time},
  author={Starkweather, Clara Kwon and Babayan, Benedicte M and Uchida, Naoshige and Gershman, Samuel J},
  journal={Nature neuroscience},
  volume={20},
  number={4},
  pages={581},
  year={2017},
  publisher={Nature Publishing Group}
}

@book{sutton2018reinforcement,
  title={Reinforcement learning: An introduction},
  author={Sutton, Richard S and Barto, Andrew G},
  year={2018},
  publisher={MIT press}
}